<record xmlns="http://www.loc.gov/MARC21/slim" xmlns:xsi="http://www.w3.org/2001/XMLSchema-instance" xsi:schemaLocation="http://www.loc.gov/MARC21/slim http://www.loc.gov/standards/marcxml/schema/MARC21slim.xsd">

  <leader>00578nam a2200145Ia 4500</leader>
  <datafield ind2=" " tag="999" ind1=" ">
    <subfield code="c">1919</subfield>
    <subfield code="d">1919</subfield>
  </datafield>
  <controlfield tag="008">180606b2004    cr ||||| |||| 00| | spa d</controlfield>
  <datafield ind2=" " tag="090" ind1=" ">
    <subfield code="a">06.04.05 </subfield>
    <subfield code="b">1568</subfield>
  </datafield>
  <datafield ind1=" " ind2=" " tag="110">
    <subfield code="a">Universidad de Costa Rica. Consejo Universitario</subfield>
    <subfield code="9">1007</subfield>
  </datafield>
  <datafield tag="245" ind2="0" ind1="1">
    <subfield code="a">Memoria del sexagésimo cuarto aniversario de la Universidad de Costa Rica / Universidad de Costa Rica. Consejo Universitario</subfield>
  </datafield>
  <datafield tag="260" ind2=" " ind1=" ">
    <subfield code="a">San José, Costa Rica : </subfield>
    <subfield code="b">Consejo Universitario, </subfield>
    <subfield code="c">2004</subfield>
  </datafield>
  <datafield tag="300" ind2=" " ind1=" ">
    <subfield code="a">48 páginas</subfield>
  </datafield>
  <datafield ind1=" " ind2="4" tag="610">
    <subfield code="9">585</subfield>
    <subfield code="a">Universidad de Costa Rica</subfield>
  </datafield>
  <datafield ind1="1" tag="650" ind2="4">
    <subfield code="a">INSTITUCIONES DE ENSEÑANZA SUPERIOR</subfield>
    <subfield code="9">788</subfield>
  </datafield>
  <datafield tag="942" ind2=" " ind1=" ">
    <subfield code="2">z</subfield>
    <subfield code="c">01</subfield>
  </datafield>
</record>